 @book{Cameron_Trivedi_2005, address={New York, NY}, title={Microeconometrics: methods and applications}, ISBN={9780511125812}, publisher={Cambridge University Press}, author={Cameron, A. Colin and Trivedi, P. K.}, year={2005}, language={eng} }

 @book{Casella_Berger_20, address={Belmont, Calif.}, edition={2. ed., internat. student ed., [Nachdr.]}, series={Duxbury advanced series}, title={Statistical inference}, ISBN={9780495391876}, publisher={Brooks/Cole, Cengage Learning}, author={Casella, George and Berger, Roger L.}, year={20}, collection={Duxbury advanced series}, language={eng} }
